<record><leader>00000cas a2200000 a 4500</leader><controlfield tag="001">35004314</controlfield><controlfield tag="008">960628d19701971cauwr ne      0    0eng c</controlfield><datafield ind1=" " ind2=" " tag="010"><subfield code="a">sn 96064414 </subfield></datafield><datafield ind1=" " ind2=" " tag="040"><subfield code="a">CNK</subfield><subfield code="b">eng</subfield><subfield code="c">CNK</subfield><subfield code="d">OCLCQ</subfield><subfield code="d">OCLCF</subfield><subfield code="d">OCLCO</subfield></datafield><datafield ind1="1" ind2=" " tag="029"><subfield code="a">AU@</subfield><subfield code="b">000012570416</subfield></datafield><datafield ind1=" " ind2=" " tag="042"><subfield code="a">pcc</subfield></datafield><datafield ind1=" " ind2=" " tag="043"><subfield code="a">n-us-ca</subfield></datafield><datafield ind1="0" ind2="0" tag="245"><subfield code="a">San Bernardino independent press.</subfield></datafield><datafield ind1="1" ind2="3" tag="246"><subfield code="a">San Bernardino's independent press</subfield></datafield><datafield ind1=" " ind2=" " tag="260"><subfield code="a">San Bernardino, Calif. :</subfield><subfield code="b">John Tillman</subfield></datafield><datafield ind1=" " ind2=" " tag="300"><subfield code="a">v.</subfield></datafield><datafield ind1=" " ind2=" " tag="310"><subfield code="a">Weekly</subfield></datafield><datafield ind1="0" ind2=" " tag="362"><subfield code="a">Vol. 7, no. 19 (Apr. 15, 1970)-v. 7, no. 32 (July 21,1971).</subfield></datafield><datafield ind1=" " ind2="0" tag="651"><subfield code="a">San Bernardino (Calif.)</subfield><subfield code="v">Newspapers.</subfield></datafield><datafield ind1=" " ind2="7" tag="655"><subfield code="a">Newspapers.</subfield><subfield code="2">fast</subfield><subfield code="0">(OCoLC)fst01423814</subfield></datafield><datafield ind1=" " ind2="7" tag="651"><subfield code="a">California</subfield><subfield code="z">San Bernardino.</subfield><subfield code="2">fast</subfield><subfield code="0">(OCoLC)fst01212915</subfield></datafield><datafield ind1=" " ind2=" " tag="752"><subfield code="a">United States</subfield><subfield code="b">California</subfield><subfield code="c">San Bernardino</subfield><subfield code="d">San Bernardino.</subfield></datafield><datafield ind1="0" ind2=" " tag="770"><subfield code="t">Independent press (Loma Linda, Calif.)</subfield><subfield code="w">(DLC)sn2001060324</subfield></datafield><datafield ind1="0" ind2="0" tag="780"><subfield code="t">San Bernardino independent (San Bernardino, Calif.)</subfield><subfield code="w">(DLC)sn 96064413</subfield></datafield><datafield ind1="0" ind2="0" tag="785"><subfield code="t">San Bernardino independent (San Bernardino, Calif. : 1971)</subfield><subfield code="w">(DLC)sn 96064415</subfield></datafield></record>